<?xml version="1.0" encoding="UTF-8"?><collection xmlns="http://www.loc.gov/MARC21/slim"><record><leader>00549nam--2200169-i-4500</leader><controlfield tag="001">000040714</controlfield><controlfield tag="002">20161230</controlfield><controlfield tag="005">20170125171634</controlfield><controlfield tag="008">060222s1000------------r-----000-0-fre-d</controlfield><datafield ind1=" " ind2=" " tag="040"><subfield code="a">IFIN-HH</subfield></datafield><datafield ind1=" " ind2=" " tag="041"><subfield code="a">fre</subfield></datafield><datafield ind1="1" ind2=" " tag="100"><subfield code="a">Schron, L</subfield></datafield><datafield ind1="1" ind2="0" tag="245"><subfield code="a">Tables de logarithmes a sept decimales pour nombres depuis 1 jusqu`a 108.000 et pour les fonctions trigonometriques de dix en dix secondes</subfield><subfield code="c">L. Schorn; J. Houel</subfield></datafield><datafield ind1=" " ind2=" " tag="260"><subfield code="a">Paris</subfield><subfield code="b">Gauthier-Villars</subfield><subfield code="c">1956</subfield></datafield><datafield ind1=" " ind2=" " tag="300"><subfield code="a">XVI + 474 p. + IV + 76 p</subfield></datafield><datafield ind1=" " ind2=" " tag="852"><subfield code="a">11718</subfield><subfield code="c">518.2</subfield></datafield><datafield ind1=" " ind2=" " tag="CAT"><subfield code="a">SYS</subfield><subfield code="c">20170125</subfield><subfield code="h">171634</subfield></datafield></record></collection>